% Encoding: UTF-8
﻿

@Article{Blume-Peytavi2016,
  author  = {Blume-Peytavi, Ulrike and Kottner, Jan and Sterry, Wolfram and Hodin, Michael W. and Griffiths, Tamara W. and Watson, Rachel E. B. and Hay, Roderick J. and Griffiths, Christopher E. M.},
  title   = {Age-Associated Skin Conditions and Diseases: Current Perspectives and Future Options},
  journal = {The Gerontologist},
  year    = {2016},
  volume  = {56},
  number  = {Suppl_2},
  pages   = {S230-S242},
  issn    = {0016-9013},
  doi     = {10.1093/geront/gnw003},
  type    = {Journal Article},
}

@Article{Cole2018,
  author  = {Cole, M. A. and Quan, T. and Voorhees, J. J. and Fisher, G. J.},
  title   = {Extracellular matrix regulation of fibroblast function: redefining our perspective on skin aging},
  journal = {J Cell Commun Signal},
  year    = {2018},
  volume  = {12},
  number  = {1},
  pages   = {35-43},
  issn    = {1873-9601 (Print)
1873-9601},
  doi     = {10.1007/s12079-018-0459-1},
  type    = {Journal Article},
  url     = {https://www.ncbi.nlm.nih.gov/pmc/articles/PMC5842211/pdf/12079_2018_Article_459.pdf},
}

@Book{Farage2009,
  title     = {Textbook of aging skin},
  publisher = {Springer Science \& Business Media},
  year      = {2009},
  author    = {Farage, Miranda A and Miller, Kenneth W and Maibach, Howard I},
  isbn      = {3540896554},
  type      = {Book},
}

@Article{Fisher1996,
  author  = {Fisher, Gary J. and Datta, Subhash C. and Talwar, Harvinder S. and Wang, Zeng-Quan and Varani, James and Kang, Sewon and Voorhees, John J.},
  title   = {Molecular basis of sun-induced premature skin ageing and retinoid antagonism},
  journal = {Nature},
  year    = {1996},
  volume  = {379},
  pages   = {335},
  doi     = {10.1038/379335a0},
  type    = {Journal Article},
  url     = {http://dx.doi.org/10.1038/379335a0
https://deepblue.lib.umich.edu/bitstream/handle/2027.42/62525/379335a0.pdf?sequence=1},
}

@Article{Fisher2009,
  author  = {Fisher, Gary J. and Quan, Taihao and Purohit, Trupta and Shao, Yuan and Cho, Moon Kyun and He, Tianyuan and Varani, James and Kang, Sewon and Voorhees, John J.},
  title   = {Collagen Fragmentation Promotes Oxidative Stress and Elevates Matrix Metalloproteinase-1 in Fibroblasts in Aged Human Skin},
  journal = {The American Journal of Pathology},
  year    = {2009},
  volume  = {174},
  number  = {1},
  pages   = {101-114},
  issn    = {0002-9440},
  doi     = {https://doi.org/10.2353/ajpath.2009.080599},
  type    = {Journal Article},
  url     = {http://www.sciencedirect.com/science/article/pii/S0002944010612692
https://www.ncbi.nlm.nih.gov/pmc/articles/PMC2631323/pdf/JPATH174000101.pdf},
}

@Article{Jaul2017,
  author  = {Jaul, Efraim and Barron, Jeremy},
  title   = {Age-Related Diseases and Clinical and Public Health Implications for the 85 Years Old and Over Population},
  journal = {Frontiers in Public Health},
  year    = {2017},
  volume  = {5},
  pages   = {335},
  issn    = {2296-2565},
  doi     = {10.3389/fpubh.2017.00335},
  type    = {Journal Article},
  url     = {http://www.ncbi.nlm.nih.gov/pmc/articles/PMC5732407/
https://www.ncbi.nlm.nih.gov/pmc/articles/PMC5732407/pdf/fpubh-05-00335.pdf},
}

@Article{Kirkwood2005,
  author  = {Kirkwood, T. B.},
  title   = {Understanding the odd science of aging},
  journal = {Cell},
  year    = {2005},
  volume  = {120},
  number  = {4},
  pages   = {437-47},
  issn    = {0092-8674 (Print)
0092-8674},
  doi     = {10.1016/j.cell.2005.01.027},
  type    = {Journal Article},
  url     = {https://ac.els-cdn.com/S0092867405001017/1-s2.0-S0092867405001017-main.pdf?_tid=cf0df2d2-c76a-47e6-875b-ae88e8671d78&acdnat=1535978044_d07ccca0763bc53dd9a827e6a1b03147},
}

@Article{Lu2011,
  author  = {Lu, P. and Takai, K. and Weaver, V. M. and Werb, Z.},
  title   = {Extracellular matrix degradation and remodeling in development and disease},
  journal = {Cold Spring Harb Perspect Biol},
  year    = {2011},
  volume  = {3},
  number  = {12},
  issn    = {1943-0264},
  doi     = {10.1101/cshperspect.a005058},
  type    = {Journal Article},
  url     = {http://cshperspectives.cshlp.org/content/3/12/a005058.full.pdf},
}

@Article{Niccoli2012,
  author  = {Niccoli, T. and Partridge, L.},
  title   = {Ageing as a risk factor for disease},
  journal = {Curr Biol},
  year    = {2012},
  volume  = {22},
  number  = {17},
  pages   = {R741-52},
  issn    = {0960-9822},
  doi     = {10.1016/j.cub.2012.07.024},
  type    = {Journal Article},
  url     = {https://ac.els-cdn.com/S0960982212008159/1-s2.0-S0960982212008159-main.pdf?_tid=df63aa45-5313-4d70-bced-47fb39465c2f&acdnat=1536829197_03003a576a80fea0f976baa8612a9bdb},
}

@Article{Overall1991,
  author  = {Overall, C M and Wrana, J L and Sodek, J},
  title   = {Transcriptional and post-transcriptional regulation of 72-kDa gelatinase/type IV collagenase by transforming growth factor-beta 1 in human fibroblasts. Comparisons with collagenase and tissue inhibitor of matrix metalloproteinase gene expression},
  journal = {Journal of Biological Chemistry},
  year    = {1991},
  volume  = {266},
  number  = {21},
  pages   = {14064-71},
  type    = {Journal Article},
  url     = {http://www.jbc.org/content/266/21/14064.abstract
http://www.jbc.org/content/266/21/14064.full.pdf},
}

@Article{Quan2015,
  author  = {Quan, Chunji and Cho, Moon Kyun and Perry, Daniel and Quan, Taihao},
  title   = {Age-associated reduction of cell spreading induces mitochondrial DNA common deletion by oxidative stress in human skin dermal fibroblasts: implication for human skin connective tissue aging},
  journal = {Journal of biomedical science},
  year    = {2015},
  volume  = {22},
  number  = {1},
  pages   = {62},
  issn    = {1423-0127},
  type    = {Journal Article},
}

@Article{Quan2015a,
  author  = {Quan, T. and Fisher, G. J.},
  title   = {Role of Age-Associated Alterations of the Dermal Extracellular Matrix Microenvironment in Human Skin Aging: A Mini-Review},
  journal = {Gerontology},
  year    = {2015},
  volume  = {61},
  number  = {5},
  pages   = {427-34},
  issn    = {0304-324x},
  doi     = {10.1159/000371708},
  type    = {Journal Article},
  url     = {https://www.ncbi.nlm.nih.gov/pmc/articles/PMC4524793/pdf/nihms654343.pdf},
}

@Article{Quan2002,
  author  = {Quan, T. and He, T. and Kang, S. and Voorhees, J. J. and Fisher, G. J.},
  title   = {Connective tissue growth factor: expression in human skin in vivo and inhibition by ultraviolet irradiation},
  journal = {J Invest Dermatol},
  year    = {2002},
  volume  = {118},
  number  = {3},
  pages   = {402-8},
  issn    = {0022-202X (Print)
0022-202x},
  doi     = {10.1046/j.0022-202x.2001.01678.x},
  type    = {Journal Article},
  url     = {https://ac.els-cdn.com/S0022202X15415817/1-s2.0-S0022202X15415817-main.pdf?_tid=cf76953b-e004-4172-aad4-694aab456cce&acdnat=1535983060_db1de1991b00f606d8e516e43ab7b4cb},
}

@Article{Quan2004,
  author  = {Quan, T. and He, T. and Kang, S. and Voorhees, J. J. and Fisher, G. J.},
  title   = {Solar ultraviolet irradiation reduces collagen in photoaged human skin by blocking transforming growth factor-beta type II receptor/Smad signaling},
  journal = {Am J Pathol},
  year    = {2004},
  volume  = {165},
  number  = {3},
  pages   = {741-51},
  issn    = {0002-9440 (Print)
0002-9440},
  type    = {Journal Article},
  url     = {https://www.ncbi.nlm.nih.gov/pmc/articles/PMC1618600/pdf/JPATH165000741.pdf},
}

@Article{Quan2013,
  author  = {Quan, T. and Little, E. and Quan, H. and Qin, Z. and Voorhees, J. J. and Fisher, G. J.},
  title   = {Elevated matrix metalloproteinases and collagen fragmentation in photodamaged human skin: impact of altered extracellular matrix microenvironment on dermal fibroblast function},
  journal = {J Invest Dermatol},
  year    = {2013},
  volume  = {133},
  number  = {5},
  pages   = {1362-6},
  issn    = {0022-202x},
  doi     = {10.1038/jid.2012.509},
  type    = {Journal Article},
  url     = {https://ac.els-cdn.com/S0022202X15362370/1-s2.0-S0022202X15362370-main.pdf?_tid=7d192b1f-a374-492b-8530-b270b47a9d66&acdnat=1535983065_990fc2b12f1d43f86ae30476013ddc14},
}

@Article{Quan2013a,
  author  = {Quan, Taihao and Little, Emily and Quan, Hehui and Voorhees, John J. and Fisher, Gary J.},
  title   = {Elevated Matrix Metalloproteinases and Collagen Fragmentation in Photodamaged Human Skin: Impact of Altered Extracellular Matrix Microenvironment on Dermal Fibroblast Function},
  journal = {The Journal of investigative dermatology},
  year    = {2013},
  volume  = {133},
  number  = {5},
  pages   = {1362-1366},
  issn    = {0022-202X
1523-1747},
  doi     = {10.1038/jid.2012.509},
  type    = {Journal Article},
  url     = {http://www.ncbi.nlm.nih.gov/pmc/articles/PMC3637921/
https://ac.els-cdn.com/S0022202X15362370/1-s2.0-S0022202X15362370-main.pdf?_tid=30196104-c1c5-4d53-85a7-e1401fab776d&acdnat=1536829202_2ccbebd5fb5749e5da58fb2dcf6f252c},
}

@Article{Quan2011,
  author  = {Quan, Taihao and Qin, Zhaoping and Robichaud, Patrick and Voorhees, John J. and Fisher, Gary J.},
  title   = {CCN1 contributes to skin connective tissue aging by inducing age-associated secretory phenotype in human skin dermal fibroblasts},
  journal = {Journal of Cell Communication and Signaling},
  year    = {2011},
  volume  = {5},
  number  = {3},
  pages   = {201-207},
  issn    = {1873-961X},
  doi     = {10.1007/s12079-011-0144-0},
  type    = {Journal Article},
  url     = {https://doi.org/10.1007/s12079-011-0144-0
https://www.ncbi.nlm.nih.gov/pmc/articles/PMC3145867/pdf/12079_2011_Article_144.pdf},
}

@Article{Quan2011a,
  author  = {Quan, Taihao and Qin, Zhaoping and Shao, Yuan and Xu, Yiru and Voorhees, John J and Fisher, Gary J},
  title   = {Retinoids suppress cysteine‐rich protein 61 (CCN1), a negative regulator of collagen homeostasis, in skin equivalent cultures and aged human skin in vivo},
  journal = {Experimental dermatology},
  year    = {2011},
  volume  = {20},
  number  = {7},
  pages   = {572-576},
  issn    = {0906-6705},
  type    = {Journal Article},
  url     = {https://deepblue.lib.umich.edu/bitstream/handle/2027.42/86913/j.1600-0625.2011.01278.x.pdf?sequence=1},
}

@Article{Quan2009,
  author  = {Quan, Taihao and Qin, Zhaoping and Xia, Wei and Shao, Yuan and Voorhees, John J. and Fisher, Gary J.},
  title   = {Matrix-degrading Metalloproteinases in Photoaging},
  journal = {The journal of investigative dermatology. Symposium proceedings / the Society for Investigative Dermatology, Inc. [and] European Society for Dermatological Research},
  year    = {2009},
  volume  = {14},
  number  = {1},
  pages   = {20-24},
  issn    = {1087-0024
1529-1774},
  doi     = {10.1038/jidsymp.2009.8},
  type    = {Journal Article},
  url     = {http://www.ncbi.nlm.nih.gov/pmc/articles/PMC2909639/
https://ac.els-cdn.com/S1087002415305050/1-s2.0-S1087002415305050-main.pdf?_tid=95b43759-dd8f-4c23-bd8b-34470109852b&acdnat=1536829207_456ffea2c706db9a89dd869f502f94b1},
}

@Article{Quan2010,
  author  = {Quan, T. and Shao, Y. and He, T. and Voorhees, J. J. and Fisher, G. J.},
  title   = {Reduced expression of connective tissue growth factor (CTGF/CCN2) mediates collagen loss in chronologically aged human skin},
  journal = {J Invest Dermatol},
  year    = {2010},
  volume  = {130},
  number  = {2},
  pages   = {415-24},
  issn    = {0022-202x},
  doi     = {10.1038/jid.2009.224},
  type    = {Journal Article},
  url     = {https://ac.els-cdn.com/S0022202X15346984/1-s2.0-S0022202X15346984-main.pdf?_tid=c005982c-495b-479b-9f91-8246033acb04&acdnat=1536834737_6a167d26b6b71106b4ed2ddc7616b6db},
}

@Article{Ritchie2015,
  author  = {Ritchie, Matthew E and Phipson, Belinda and Wu, Di and Hu, Yifang and Law, Charity W and Shi, Wei and Smyth, Gordon K},
  title   = {limma powers differential expression analyses for RNA-sequencing and microarray studies},
  journal = {Nucleic acids research},
  year    = {2015},
  volume  = {43},
  number  = {7},
  pages   = {e47-e47},
  issn    = {0305-1048},
  type    = {Journal Article},
  url     = {https://www.ncbi.nlm.nih.gov/pmc/articles/PMC4402510/pdf/gkv007.pdf},
}

@Article{Schulze2010,
  author  = {Schulze, Christian and Wetzel, Franziska and Kueper, Thomas and Malsen, Anke and Muhr, Gesa and Jaspers, Soeren and Blatt, Thomas and Wittern, Klaus-Peter and Wenck, Horst and Käs, Josef A},
  title   = {Stiffening of human skin fibroblasts with age},
  journal = {Biophysical journal},
  year    = {2010},
  volume  = {99},
  number  = {8},
  pages   = {2434-2442},
  issn    = {0006-3495},
  type    = {Journal Article},
  url     = {https://ac.els-cdn.com/S0006349510009951/1-s2.0-S0006349510009951-main.pdf?_tid=a11f9888-2d37-426c-bf73-0ce4ffce54b9&acdnat=1536757519_ea84e84614cafb83ceec7a31e08f42ee},
}

@Article{Seite2006,
  author  = {Seite, S. and Zucchi, H. and Septier, D. and Igondjo-Tchen, S. and Senni, K. and Godeau, G.},
  title   = {Elastin changes during chronological and photo-ageing: the important role of lysozyme},
  journal = {J Eur Acad Dermatol Venereol},
  year    = {2006},
  volume  = {20},
  number  = {8},
  pages   = {980-7},
  issn    = {0926-9959 (Print)
0926-9959},
  doi     = {10.1111/j.1468-3083.2006.01706.x},
  type    = {Journal Article},
  url     = {https://onlinelibrary.wiley.com/doi/pdf/10.1111/j.1468-3083.2006.01706.x},
}

@Article{Smyth2004,
  author  = {Smyth, Gordon K},
  title   = {Linear models and empirical bayes methods for assessing differential expression in microarray experiments},
  journal = {Statistical applications in genetics and molecular biology},
  year    = {2004},
  volume  = {3},
  number  = {1},
  pages   = {1-25},
  issn    = {1544-6115},
  type    = {Journal Article},
}

@InBook{Smyth2005,
  pages     = {397-420},
  title     = {Limma: linear models for microarray data},
  publisher = {Springer},
  year      = {2005},
  author    = {Smyth, Gordon K},
  type      = {Book Section},
  booktitle = {Bioinformatics and computational biology solutions using R and Bioconductor},
}

@Article{Toutfaire2017,
  author  = {Toutfaire, M. and Bauwens, E. and Debacq-Chainiaux, F.},
  title   = {The impact of cellular senescence in skin ageing: A notion of mosaic and therapeutic strategies},
  journal = {Biochem Pharmacol},
  year    = {2017},
  volume  = {142},
  pages   = {1-12},
  issn    = {0006-2952},
  doi     = {10.1016/j.bcp.2017.04.011},
  type    = {Journal Article},
  url     = {https://ac.els-cdn.com/S0006295217302009/1-s2.0-S0006295217302009-main.pdf?_tid=3ad62d63-4ffe-47b8-80da-1736796fc730&acdnat=1536843553_049ec95f529c61e7be017f1d3c736dbd},
}

@Article{Uitto1986,
  author  = {Uitto, Jouni},
  title   = {Connective tissue biochemistry of the aging dermis: age-related alterations in collagen and elastin},
  journal = {Dermatologic clinics},
  year    = {1986},
  volume  = {4},
  number  = {3},
  pages   = {433-446},
  issn    = {0733-8635},
  type    = {Journal Article},
}

@Article{Varani2006,
  author  = {Varani, J. and Dame, M. K. and Rittie, L. and Fligiel, S. E. and Kang, S. and Fisher, G. J. and Voorhees, J. J.},
  title   = {Decreased collagen production in chronologically aged skin: roles of age-dependent alteration in fibroblast function and defective mechanical stimulation},
  journal = {Am J Pathol},
  year    = {2006},
  volume  = {168},
  number  = {6},
  pages   = {1861-8},
  issn    = {0002-9440 (Print)
0002-9440},
  doi     = {10.2353/ajpath.2006.051302},
  type    = {Journal Article},
  url     = {https://www.ncbi.nlm.nih.gov/pmc/articles/PMC1606623/pdf/JPATH168001861.pdf},
}

@Article{Varga1987,
  author  = {Varga, J. and Rosenbloom, J. and Jimenez, S. A.},
  title   = {Transforming growth factor beta (TGF beta) causes a persistent increase in steady-state amounts of type I and type III collagen and fibronectin mRNAs in normal human dermal fibroblasts},
  journal = {Biochem J},
  year    = {1987},
  volume  = {247},
  number  = {3},
  pages   = {597-604},
  issn    = {0264-6021 (Print)
0264-6021},
  type    = {Journal Article},
  url     = {https://www.ncbi.nlm.nih.gov/pmc/articles/PMC1148454/pdf/biochemj00244-0105.pdf},
}

@Article{Yuan2001,
  author  = {Yuan, Weihua and Varga, John},
  title   = {Transforming Growth Factor-$\upbeta$ Repression of Matrix Metalloproteinase-1 in Dermal Fibroblasts Involves Smad3},
  journal = {Journal of Biological Chemistry},
  year    = {2001},
  volume  = {276},
  number  = {42},
  pages   = {38502-38510},
  doi     = {10.1074/jbc.M107081200},
  type    = {Journal Article},
  url     = {http://www.jbc.org/content/276/42/38502.abstract
http://www.jbc.org/content/276/42/38502.full.pdf},
}

@Article{Leivonen2013,
  author  = {Leivonen, Suvi-Katri and Lazaridis, Konstantinos and Decock, Julie and Chantry, Andrew and Edwards, Dylan R. and Kahari, Veli-Matti},
  title   = {TGF-beta-Elicited Induction of Tissue Inhibitor of Metalloproteinases (TIMP)-3 Expression in Fibroblasts Involves Complex Interplay between Smad3, p38-alpha, and ERK1/2},
  journal = {PLoS ONE},
  year    = {2013},
  volume  = {8},
  number  = {2},
  pages   = {e57474},
  issn    = {1932-6203},
  doi     = {10.1371/journal.pone.0057474},
  type    = {Journal Article},
  url     = {http://www.ncbi.nlm.nih.gov/pmc/articles/PMC3585359/},
}

@Article{Makino2017,
  author  = {Makino, Katsunari and Makino, Tomoko and Stawski, Lukasz and Lipson, Kenneth E. and Leask, Andrew and Trojanowska, Maria},
  title   = {Anti-connective tissue growth factor (CTGF/CCN2) monoclonal antibody attenuates skin fibrosis in mice models of systemic sclerosis},
  journal = {Arthritis Research \& Therapy},
  year    = {2017},
  volume  = {19},
  pages   = {134},
  issn    = {1478-6354
1478-6362},
  doi     = {10.1186/s13075-017-1356-3},
  type    = {Journal Article},
  url     = {http://www.ncbi.nlm.nih.gov/pmc/articles/PMC5470189/
https://arthritis-research.biomedcentral.com/track/pdf/10.1186/s13075-017-1356-3},
}

@Article{Ponticos2009,
  author  = {Ponticos, M. and Holmes, A. M. and Shi-wen, X. and Leoni, P. and Khan, K. and Rajkumar, V. S. and Hoyles, R. K. and Bou-Gharios, G. and Black, C. M. and Denton, C. P. and Abraham, D. J. and Leask, A. and Lindahl, G. E.},
  title   = {Pivotal role of connective tissue growth factor in lung fibrosis: MAPK-dependent transcriptional activation of type I collagen},
  journal = {Arthritis Rheum},
  year    = {2009},
  volume  = {60},
  number  = {7},
  pages   = {2142-55},
  issn    = {0004-3591 (Print)
0004-3591},
  doi     = {10.1002/art.24620},
  type    = {Journal Article},
  url     = {https://onlinelibrary.wiley.com/doi/pdf/10.1002/art.24620},
}

@Article{Qin2017,
  author  = {Qin, Z. and Balimunkwe, R. M. and Quan, T.},
  title   = {Age-related reduction of dermal fibroblast size upregulates multiple matrix metalloproteinases as observed in aged human skin in vivo},
  journal = {Br J Dermatol},
  year    = {2017},
  volume  = {177},
  number  = {5},
  pages   = {1337-1348},
  issn    = {0007-0963},
  doi     = {10.1111/bjd.15379},
  type    = {Journal Article},
  url     = {https://onlinelibrary.wiley.com/doi/pdf/10.1111/bjd.15379},
}

@Article{Sonnylal2010,
  author  = {Sonnylal, S. and Shi-Wen, X. and Leoni, P. and Naff, K. and Van Pelt, C. S. and Nakamura, H. and Leask, A. and Abraham, D. and Bou-Gharios, G. and de Crombrugghe, B.},
  title   = {Selective expression of connective tissue growth factor in fibroblasts in vivo promotes systemic tissue fibrosis},
  journal = {Arthritis Rheum},
  year    = {2010},
  volume  = {62},
  number  = {5},
  pages   = {1523-32},
  issn    = {0004-3591},
  doi     = {10.1002/art.27382},
  type    = {Journal Article},
}

@Article{Wahab2005,
  author  = {Wahab, N. A. and Weston, B. S. and Mason, R. M.},
  title   = {Modulation of the TGFbeta/Smad signaling pathway in mesangial cells by CTGF/CCN2},
  journal = {Exp Cell Res},
  year    = {2005},
  volume  = {307},
  number  = {2},
  pages   = {305-14},
  issn    = {0014-4827 (Print)
0014-4827},
  doi     = {10.1016/j.yexcr.2005.03.022},
  type    = {Journal Article},
  url     = {https://ac.els-cdn.com/S0014482705001473/1-s2.0-S0014482705001473-main.pdf?_tid=e32639d7-0043-4524-b5ae-c788bc8f2d4b&acdnat=1536915736_3d1b2e23cfadc0faccaf00f5dc0f6eb2},
}

@Article{White2000,
  author  = {White, L. A. and Mitchell, T. I. and Brinckerhoff, C. E.},
  title   = {Transforming growth factor beta inhibitory element in the rabbit matrix metalloproteinase-1 (collagenase-1) gene functions as a repressor of constitutive transcription},
  journal = {Biochim Biophys Acta},
  year    = {2000},
  volume  = {1490},
  number  = {3},
  pages   = {259-68},
  issn    = {0006-3002 (Print)
0006-3002},
  type    = {Journal Article},
}
﻿

@Article{Akiyoshi1999,
  author  = {Akiyoshi, S. and Inoue, H. and Hanai, J. and Kusanagi, K. and Nemoto, N. and Miyazono, K. and Kawabata, M.},
  title   = {c-Ski acts as a transcriptional co-repressor in transforming growth factor-beta signaling through interaction with smads},
  journal = {J Biol Chem},
  year    = {1999},
  volume  = {274},
  number  = {49},
  pages   = {35269-77},
  issn    = {0021-9258 (Print)
0021-9258},
  type    = {Journal Article},
}

@Article{Bonni2001,
  author  = {Bonni, S. and Wang, H. R. and Causing, C. G. and Kavsak, P. and Stroschein, S. L. and Luo, K. and Wrana, J. L.},
  title   = {TGF-beta induces assembly of a Smad2-Smurf2 ubiquitin ligase complex that targets SnoN for degradation},
  journal = {Nat Cell Biol},
  year    = {2001},
  volume  = {3},
  number  = {6},
  pages   = {587-95},
  issn    = {1465-7392 (Print)
1465-7392},
  doi     = {10.1038/35078562},
  type    = {Journal Article},
}

@Article{Darby2007,
  author  = {Darby, I. A. and Hewitson, T. D.},
  title   = {Fibroblast differentiation in wound healing and fibrosis},
  journal = {Int Rev Cytol},
  year    = {2007},
  volume  = {257},
  pages   = {143-79},
  issn    = {0074-7696 (Print)
0074-7696},
  doi     = {10.1016/s0074-7696(07)57004-x},
  type    = {Journal Article},
}

@Article{Deheuninck2009,
  author  = {Deheuninck, Julien and Luo, Kunxin},
  title   = {Ski and SnoN, potent negative regulators of TGF-$\upbeta$ signaling},
  journal = {Cell research},
  year    = {2009},
  volume  = {19},
  number  = {1},
  pages   = {47},
  issn    = {1748-7838},
  type    = {Journal Article},
  url     = {https://www.nature.com/articles/cr2008324.pdf},
}

@Article{Denissova2000,
  author  = {Denissova, N. G. and Pouponnot, C. and Long, J. and He, D. and Liu, F.},
  title   = {Transforming growth factor beta -inducible independent binding of SMAD to the Smad7 promoter},
  journal = {Proc Natl Acad Sci U S A},
  year    = {2000},
  volume  = {97},
  number  = {12},
  pages   = {6397-402},
  issn    = {0027-8424 (Print)
0027-8424},
  doi     = {10.1073/pnas.090099297},
  type    = {Journal Article},
  url     = {https://www.ncbi.nlm.nih.gov/pmc/articles/PMC18614/pdf/pq006397.pdf},
}

@Article{Ebisawa2001,
  author  = {Ebisawa, T. and Fukuchi, M. and Murakami, G. and Chiba, T. and Tanaka, K. and Imamura, T. and Miyazono, K.},
  title   = {Smurf1 interacts with transforming growth factor-beta type I receptor through Smad7 and induces receptor degradation},
  journal = {J Biol Chem},
  year    = {2001},
  volume  = {276},
  number  = {16},
  pages   = {12477-80},
  issn    = {0021-9258 (Print)
0021-9258},
  doi     = {10.1074/jbc.C100008200},
  type    = {Journal Article},
}

@Article{Evans2003,
  author  = {Evans, R. A. and Tian, Y. C. and Steadman, R. and Phillips, A. O.},
  title   = {TGF-beta1-mediated fibroblast-myofibroblast terminal differentiation-the role of Smad proteins},
  journal = {Exp Cell Res},
  year    = {2003},
  volume  = {282},
  number  = {2},
  pages   = {90-100},
  issn    = {0014-4827 (Print)
0014-4827},
  type    = {Journal Article},
}

@Article{Hanyu2001,
  author  = {Hanyu, A. and Ishidou, Y. and Ebisawa, T. and Shimanuki, T. and Imamura, T. and Miyazono, K.},
  title   = {The N domain of Smad7 is essential for specific inhibition of transforming growth factor-beta signaling},
  journal = {J Cell Biol},
  year    = {2001},
  volume  = {155},
  number  = {6},
  pages   = {1017-27},
  issn    = {0021-9525 (Print)
0021-9525},
  doi     = {10.1083/jcb.200106023},
  type    = {Journal Article},
  url     = {https://www.ncbi.nlm.nih.gov/pmc/articles/PMC2150897/pdf/0106023.pdf},
}

@Article{Hayashi1997,
  author  = {Hayashi, Hidetoshi and Abdollah, Shirin and Qiu, Yubin and Cai, Jiexing and Xu, Yong-Yao and Grinnell, Brian W. and Richardson, Mark A. and Topper, James N. and Gimbrone, Michael A. and Wrana, Jeffrey L. and Falb, Dean},
  title   = {The MAD-Related Protein Smad7 Associates with the TGF-$\upbeta$ Receptor and Functions as an Antagonist of TGFSignaling},
  journal = {Cell},
  year    = {1997},
  volume  = {89},
  number  = {7},
  pages   = {1165-1173},
  issn    = {0092-8674},
  doi     = {https://doi.org/10.1016/S0092-8674(00)80303-7},
  type    = {Journal Article},
  url     = {http://www.sciencedirect.com/science/article/pii/S0092867400803037
https://ac.els-cdn.com/S0092867400803037/1-s2.0-S0092867400803037-main.pdf?_tid=8ad9930f-b97a-459d-b181-1c1842f87bb6&acdnat=1536928633_71f3cda72c5ee44168f832867579ad4e},
}

@Article{Kokura2003,
  author  = {Kokura, K. and Kim, H. and Shinagawa, T. and Khan, M. M. and Nomura, T. and Ishii, S.},
  title   = {The Ski-binding protein C184M negatively regulates tumor growth factor-beta signaling by sequestering the Smad proteins in the cytoplasm},
  journal = {J Biol Chem},
  year    = {2003},
  volume  = {278},
  number  = {22},
  pages   = {20133-9},
  issn    = {0021-9258 (Print)
0021-9258},
  doi     = {10.1074/jbc.M210855200},
  type    = {Journal Article},
}

@Article{Li2003,
  author  = {Li, Jin H. and Huang, Xiao R. and Zhu, Hong-Jian and Johnson, Richard and Lan, Hui Y.},
  title   = {Role of TGF-$\upbeta$ signaling in extracellular matrix production under high glucose conditions},
  journal = {Kidney International},
  year    = {2003},
  volume  = {63},
  number  = {6},
  pages   = {2010-2019},
  issn    = {0085-2538},
  doi     = {https://doi.org/10.1046/j.1523-1755.2003.00016.x},
  type    = {Journal Article},
  url     = {http://www.sciencedirect.com/science/article/pii/S0085253815491185},
}

@Article{Liu2016,
  author  = {Liu, Ying and Li, Yue and Li, Ning and Teng, Wen and Wang, Min and Zhang, Yingbo and Xiao, Zhibo},
  title   = {TGF-$\upbeta$1 promotes scar fibroblasts proliferation and transdifferentiation via up-regulating MicroRNA-21},
  journal = {Scientific Reports},
  year    = {2016},
  volume  = {6},
  pages   = {32231},
  doi     = {10.1038/srep32231
https://www.nature.com/articles/srep32231#supplementary-information},
  type    = {Journal Article},
  url     = {http://dx.doi.org/10.1038/srep32231
https://www.ncbi.nlm.nih.gov/pmc/articles/PMC4995376/pdf/srep32231.pdf},
}

@Article{Luo2004,
  author  = {Luo, Kunxin},
  title   = {Ski and SnoN: negative regulators of TGF-$\upbeta$ signaling},
  journal = {Current Opinion in Genetics \& Development},
  year    = {2004},
  volume  = {14},
  number  = {1},
  pages   = {65-70},
  issn    = {0959-437X},
  doi     = {https://doi.org/10.1016/j.gde.2003.11.003},
  type    = {Journal Article},
  url     = {http://www.sciencedirect.com/science/article/pii/S0959437X03001692},
}

@Article{Nakao1997,
  author  = {Nakao, A. and Afrakhte, M. and Moren, A. and Nakayama, T. and Christian, J. L. and Heuchel, R. and Itoh, S. and Kawabata, M. and Heldin, N. E. and Heldin, C. H. and ten Dijke, P.},
  title   = {Identification of Smad7, a TGFbeta-inducible antagonist of TGF-beta signalling},
  journal = {Nature},
  year    = {1997},
  volume  = {389},
  number  = {6651},
  pages   = {631-5},
  issn    = {0028-0836 (Print)
0028-0836},
  doi     = {10.1038/39369},
  type    = {Journal Article},
}

@Article{Negmadjanov2015,
  author  = {Negmadjanov, Ulugbek and Godic, Zarko and Rizvi, Farhan and Emelyanova, Larisa and Ross, Gracious and Richards, John and Holmuhamedov, Ekhson L. and Jahangir, Arshad},
  title   = {TGF-$\upbeta$1-Mediated Differentiation of Fibroblasts Is Associated with Increased Mitochondrial Content and Cellular Respiration},
  journal = {PLoS ONE},
  year    = {2015},
  volume  = {10},
  number  = {4},
  pages   = {e0123046},
  issn    = {1932-6203},
  doi     = {10.1371/journal.pone.0123046},
  type    = {Journal Article},
  url     = {http://www.ncbi.nlm.nih.gov/pmc/articles/PMC4388650/},
}

@Article{Pulaski2001,
  author  = {Pulaski, L. and Landstrom, M. and Heldin, C. H. and Souchelnytskyi, S.},
  title   = {Phosphorylation of Smad7 at Ser-249 does not interfere with its inhibitory role in transforming growth factor-beta-dependent signaling but affects Smad7-dependent transcriptional activation},
  journal = {J Biol Chem},
  year    = {2001},
  volume  = {276},
  number  = {17},
  pages   = {14344-9},
  issn    = {0021-9258 (Print)
0021-9258},
  doi     = {10.1074/jbc.M011019200},
  type    = {Journal Article},
}

@Article{Runyan2003,
  author  = {Runyan, C. E. and Schnaper, H. W. and Poncelet, A. C.},
  title   = {Smad3 and PKCdelta mediate TGF-beta1-induced collagen I expression in human mesangial cells},
  journal = {Am J Physiol Renal Physiol},
  year    = {2003},
  volume  = {285},
  number  = {3},
  pages   = {F413-22},
  issn    = {1931-857X (Print)
1522-1466},
  doi     = {10.1152/ajprenal.00082.2003},
  type    = {Journal Article},
}

@Article{Shi2004,
  author  = {Shi, W. and Sun, C. and He, B. and Xiong, W. and Shi, X. and Yao, D. and Cao, X.},
  title   = {GADD34-PP1c recruited by Smad7 dephosphorylates TGFbeta type I receptor},
  journal = {J Cell Biol},
  year    = {2004},
  volume  = {164},
  number  = {2},
  pages   = {291-300},
  issn    = {0021-9525 (Print)
0021-9525},
  doi     = {10.1083/jcb.200307151},
  type    = {Journal Article},
  url     = {https://www.ncbi.nlm.nih.gov/pmc/articles/PMC2172339/pdf/200307151.pdf},
}

@Article{Stroschein1999,
  author  = {Stroschein, S. L. and Wang, W. and Zhou, S. and Zhou, Q. and Luo, K.},
  title   = {Negative feedback regulation of TGF-beta signaling by the SnoN oncoprotein},
  journal = {Science},
  year    = {1999},
  volume  = {286},
  number  = {5440},
  pages   = {771-4},
  issn    = {0036-8075 (Print)
0036-8075},
  type    = {Journal Article},
}

@Article{Suzuki2002,
  author  = {Suzuki, C. and Murakami, G. and Fukuchi, M. and Shimanuki, T. and Shikauchi, Y. and Imamura, T. and Miyazono, K.},
  title   = {Smurf1 regulates the inhibitory activity of Smad7 by targeting Smad7 to the plasma membrane},
  journal = {J Biol Chem},
  year    = {2002},
  volume  = {277},
  number  = {42},
  pages   = {39919-25},
  issn    = {0021-9258 (Print)
0021-9258},
  doi     = {10.1074/jbc.M201901200},
  type    = {Journal Article},
  url     = {http://www.jbc.org/content/277/42/39919.full.pdf},
}

@Article{Gersdorff2000,
  author  = {von Gersdorff, Gero and Susztak, Katalin and Rezvani, Farhad and Bitzer, Markus and Liang, Dan and Böttinger, Erwin P},
  title   = {Smad3 and Smad4 mediate transcriptional activation of the human Smad7 promoter by transforming growth factor $\beta$},
  journal = {Journal of Biological Chemistry},
  year    = {2000},
  volume  = {275},
  number  = {15},
  pages   = {11320-11326},
  issn    = {0021-9258},
  type    = {Journal Article},
  url     = {http://www.jbc.org/content/275/15/11320.full.pdf},
}

@Article{Wu2002,
  author  = {Wu, J. W. and Krawitz, A. R. and Chai, J. and Li, W. and Zhang, F. and Luo, K. and Shi, Y.},
  title   = {Structural mechanism of Smad4 recognition by the nuclear oncoprotein Ski: insights on Ski-mediated repression of TGF-beta signaling},
  journal = {Cell},
  year    = {2002},
  volume  = {111},
  number  = {3},
  pages   = {357-67},
  issn    = {0092-8674 (Print)
0092-8674},
  type    = {Journal Article},
  url     = {https://ac.els-cdn.com/S0092867402010061/1-s2.0-S0092867402010061-main.pdf?_tid=0c61e002-9b48-40a4-bf6c-2af0e73f724b&acdnat=1536926202_31b6ff41aca412d5263885764b0ea2fa},
}

@Article{Yan2011,
  author  = {Yan, X. and Chen, Y. G.},
  title   = {Smad7: not only a regulator, but also a cross-talk mediator of TGF-beta signalling},
  journal = {Biochem J},
  year    = {2011},
  volume  = {434},
  number  = {1},
  pages   = {1-10},
  issn    = {0264-6021},
  doi     = {10.1042/bj20101827},
  type    = {Journal Article},
  url     = {http://www.biochemj.org/content/ppbiochemj/434/1/1.full.pdf},
}

@Article{Zanotti2010,
  author  = {Zanotti, S. and Gibertini, S. and Mora, M.},
  title   = {Altered production of extra-cellular matrix components by muscle-derived Duchenne muscular dystrophy fibroblasts before and after TGF-beta1 treatment},
  journal = {Cell Tissue Res},
  year    = {2010},
  volume  = {339},
  number  = {2},
  pages   = {397-410},
  issn    = {0302-766x},
  doi     = {10.1007/s00441-009-0889-4},
  type    = {Journal Article},
  url     = {https://link.springer.com/content/pdf/10.1007%2Fs00441-009-0889-4.pdf},
}

@Article{Zhang2007,
  author  = {Zhang, S. and Fei, T. and Zhang, L. and Zhang, R. and Chen, F. and Ning, Y. and Han, Y. and Feng, X. H. and Meng, A. and Chen, Y. G.},
  title   = {Smad7 antagonizes transforming growth factor beta signaling in the nucleus by interfering with functional Smad-DNA complex formation},
  journal = {Mol Cell Biol},
  year    = {2007},
  volume  = {27},
  number  = {12},
  pages   = {4488-99},
  issn    = {0270-7306 (Print)
0270-7306},
  doi     = {10.1128/mcb.01636-06},
  type    = {Journal Article},
  url     = {https://www.ncbi.nlm.nih.gov/pmc/articles/PMC1900056/pdf/1636-06.pdf},
}

@Article{Edwards1996,
  author        = {Edwards, D. R. and Leco, K. J. and Beaudry, P. P. and Atadja, P. W. and Veillette, C. and Riabowol, K. T.},
  title         = {Differential effects of transforming growth factor-beta 1 on the expression of matrix metalloproteinases and tissue inhibitors of metalloproteinases in young and old human fibroblasts},
  journal       = {Exp Gerontol},
  year          = {1996},
  volume        = {31},
  number        = {1-2},
  pages         = {207-23},
  issn          = {0531-5565 (Print)
0531-5565},
  __markedentry = {[Ciaran:]},
  type          = {Journal Article},
}

@Article{Purohit2016,
  author        = {Purohit, Trupta and He, Tianyuan and Qin, Zhaoping and Li, Ting and Fisher, Gary J and Yan, Yan and Voorhees, John J and Quan, Taihao},
  title         = {Smad3-dependent regulation of type I collagen in human dermal fibroblasts: impact on human skin connective tissue aging},
  journal       = {Journal of dermatological science},
  year          = {2016},
  volume        = {83},
  number        = {1},
  pages         = {80-83},
  issn          = {0923-1811},
  __markedentry = {[Ciaran:]},
  type          = {Journal Article},
}

@Article{Yan2016,
  author        = {Yan, X. and Liao, H. and Cheng, M. and Shi, X. and Lin, X. and Feng, X. H. and Chen, Y. G.},
  title         = {Smad7 Protein Interacts with Receptor-regulated Smads (R-Smads) to Inhibit Transforming Growth Factor-beta (TGF-beta)/Smad Signaling},
  journal       = {J Biol Chem},
  year          = {2016},
  volume        = {291},
  number        = {1},
  pages         = {382-92},
  issn          = {0021-9258},
  __markedentry = {[Ciaran:]},
  doi           = {10.1074/jbc.M115.694281},
  type          = {Journal Article},
}

@Article{Marthandan2016,
  author        = {Marthandan, S. and Baumgart, M. and Priebe, S. and Groth, M. and Schaer, J. and Kaether, C. and Guthke, R. and Cellerino, A. and Platzer, M. and Diekmann, S. and Hemmerich, P.},
  title         = {Conserved Senescence Associated Genes and Pathways in Primary Human Fibroblasts Detected by RNA-Seq},
  journal       = {PLOS ONE},
  year          = {2016},
  volume        = {11},
  number        = {5},
  pages         = {e0154531},
  __markedentry = {[Ciaran:6]},
  doi           = {10.1371/journal.pone.0154531},
  type          = {Journal Article},
  url           = {https://doi.org/10.1371/journal.pone.0154531
https://www.ncbi.nlm.nih.gov/pmc/articles/PMC4854426/pdf/pone.0154531.pdf},
}

@Article{Qin2018,
  author        = {Qin, Zhaoping and Xia, Wei and Fisher, Gary J. and Voorhees, John J. and Quan, Taihao},
  title         = {YAP/TAZ regulates TGF-β/Smad3 signaling by induction of Smad7 via AP-1 in human skin dermal fibroblasts},
  journal       = {Cell Communication and Signaling : CCS},
  year          = {2018},
  volume        = {16},
  pages         = {18},
  issn          = {1478-811X},
  __markedentry = {[Ciaran:6]},
  doi           = {10.1186/s12964-018-0232-3},
  type          = {Journal Article},
  url           = {http://www.ncbi.nlm.nih.gov/pmc/articles/PMC5918965/
https://www.ncbi.nlm.nih.gov/pmc/articles/PMC5918965/pdf/12964_2018_Article_232.pdf},
}

@Comment{jabref-meta: databaseType:bibtex;}
